%bibtex entries 

@article{R001,
	author = {Akyildiz, Ian F. and Jornet, Josep Miquel and Han, Chong},
	doi = {10.1016/j.phycom.2014.01.006},
	file = {:C$\backslash$:/Users/Marisa/Downloads/TeraHertz band Next fontrier for wireless communications.pdf:pdf},
	isbn = {1874-4907},
	issn = {18744907},
	journal = {Physical Communication},
	keywords = {Graphene,Terabit-per-second (Tbps) links,Terahertz band,Ultra-broadband communications},
	mendeley-groups = {Tese/Artigos},
	pages = {16--32},
	publisher = {Elsevier B.V.},
	title = {{Terahertz band: Next frontier for wireless communications}},
	url = {http://dx.doi.org/10.1016/j.phycom.2014.01.006},
	volume = {12},
	year = {2014}
}
@misc{R004,
	author = {Wikipedia contributors},
	mendeley-groups = {Tese/SITES},
	title = {audio and video interfaces and connectors},
	url = {https://en.wikipedia.org/w/index.php?title=Audio{\_}and{\_}video{\_}interfaces{\_}and{\_}connectors{\&}oldid=761828286},
	year = {2016}
}
@article{R003,
	author = {{Wikipedia Contributors}},
	mendeley-groups = {Tese/SITES},
	title = {{High-bandwidth Digital Content Protection}},
	url = {https://en.wikipedia.org/w/index.php?title=High-bandwidth{\_}Digital{\_}Content{\_}Protection{\&}oldid=745228691},
	year = {2016}
}
@article{R007,
	author = {Koenig, S. and Lopez-Diaz, D. and Antes, J. and Boes, F. and Henneberger, R. and Leuther, A. and Tessmann, A. and Schmogrow, R. and Hillerkuss, D. and Palmer, R. and Zwick, T. and Koos, C. and Freude, W. and Ambacher, O. and Leuthold, J. and Kallfass, I.},
	doi = {10.1109/IPCon.2014.6995424},
	file = {:C$\backslash$:/Users/Marisa/Downloads/Wireless sub-THz communication system with high data rate.pdf:pdf},
	isbn = {9781457715044},
	issn = {1749-4885},
	journal = {2014 IEEE Photonics Conference, IPC 2014},
	mendeley-groups = {Tese/Artigos},
	number = {December 2013},
	pages = {414--415},
	publisher = {Nature Publishing Group},
	title = {{Wireless sub-THz communication system with high data rate enabled by RF photonics and active MMIC technology}},
	volume = {7},
	year = {2014}
}
@article{R005,
	author = {Federici, John and Moeller, Lothar},
	doi = {10.1063/1.3386413},
	file = {:C$\backslash$:/Users/Marisa/Documents/marisaDoc/federici2010.pdf:pdf},
	isbn = {0021-8979},
	issn = {00218979},
	journal = {Journal of Applied Physics},
	mendeley-groups = {Tese/Artigos},
	number = {11},
	title = {{Review of terahertz and subterahertz wireless communications}},
	volume = {107},
	year = {2010}
}
@article{R006,
	author = {Kleine-Ostmann, Thomas and Nagatsuma, Tadao},
	doi = {10.1007/s10762-010-9758-1},
	file = {:C$\backslash$:/Users/Marisa/Downloads/A Review on Terahertz Communication Research.pdf:pdf},
	isbn = {1866-6892},
	issn = {18666892},
	journal = {Journal of Infrared, Millimeter, and Terahertz Waves},
	keywords = {Channel modelling,Long-range outdoor communication systems,Ray tracing,Schottky barrier diodes,THz antennas,THz modulators,Terahertz communications,Ultra-broadband short-range indoor communication s,Uni-travelling-carrier photodiodes},
	mendeley-groups = {Tese/Artigos},
	number = {2},
	pages = {143--171},
	title = {{A review on terahertz communications research}},
	volume = {32},
	year = {2011}
}
@misc{R002,
	author = {{Wikipedia Contributors}},
	mendeley-groups = {Tese/SITES},
	title = {{HDMI}},
	url = {https://en.wikipedia.org/w/index.php?title=HDMI{\&}oldid=751572217},
	year = {2016}
}
@article{R011,
	author = {Xilinx and Inc},
	file = {:C$\backslash$:/Users/Marisa/AppData/Local/Mendeley Ltd./Mendeley Desktop/Downloaded/Xilinx, Inc - Unknown - 7 Series FPGAs GTXGTH Transceivers User Guide (UG476).pdf:pdf},
	keywords = {476,7 series,7-series,7series,artix7,gth,gtx,kintex7,quad,serdes,transceiver,ug476,virtex7},
	mendeley-groups = {Tese,Tese/FPGA UG},
	title = {{7 Series FPGAs GTX/GTH Transceivers User Guide (UG476)}}
}
@article{R008,
	author = {Xilinx and Inc},
	file = {:C$\backslash$:/Users/Marisa/AppData/Local/Mendeley Ltd./Mendeley Desktop/Downloaded/Xilinx, Inc - Unknown - VC7203 Virtex-7 FPGA GTX Transceiver Characterization Board User Guide (UG957).pdf:pdf},
	keywords = {957,FPGA,GTX,UG957,VC7203,Virtex-7,XC7VX485T-3 FFG1761E},
	mendeley-groups = {Tese,Tese/FPGA UG},
	title = {{VC7203 Virtex-7 FPGA GTX Transceiver Characterization Board User Guide (UG957)}},
	year = {2014}
}
@book{R009,
	author = {Inrevium},
	file = {:C$\backslash$:/Users/Marisa/AppData/Local/Mendeley Ltd./Mendeley Desktop/Downloaded/Unknown - 2012 - TB-FMCH-HDMI2 Hardware User Manual.pdf:pdf},
	mendeley-groups = {Tese,Tese/HDMI UG},
	title = {{Manual do Utilizador de TB-FMCH-HDMI2 Hardware}},
	year = {2012}
}
@article{R012,
	author = {Chen, Dianyong},
	file = {:C$\backslash$:/Users/Marisa/AppData/Local/Mendeley Ltd./Mendeley Desktop/Downloaded/Chen - Unknown - SerDes Transceivers for High-speed Serial Communications.pdf:pdf},
	mendeley-groups = {Tese,Tese/OUTROS,Tese/Artigos},
	title = {{SerDes Transceivers for High-speed Serial Communications}}
}
@article{R010,
	author = {Xilinx and Inc},
	file = {:C$\backslash$:/Users/Marisa/AppData/Local/Mendeley Ltd./Mendeley Desktop/Downloaded/Xilinx, Inc - 2013 - Xilinx WP431 Leveraging 7 Series FPGA Transceivers for High-Speed Serial IO Connectivity, White Paper.pdf:pdf},
	keywords = {7 series,artix-7,features,kintex-7,transceivers,virtex-7,wp431},
	mendeley-groups = {Tese,Tese/white pappers},
	title = {{Xilinx WP431 Leveraging 7 Series FPGA Transceivers for High-Speed Serial I/O Connectivity, White Paper}},
	url = {www.xilinx.com},
	year = {2013}
}
